{
  "leader": "03871cam a2200577 i 4500",
  "fields": [
    {
      "001": "ocn837143669"
    },
    {
      "003": "OCoLC"
    },
    {
      "005": "20220708133715.0"
    },
    {
      "008": "130509s2013\\\\\\\\nyuaf\\\\\\\\\\\\\\\\\\000\\0aeng\\\\"
    },
    {
      "010": {
        "ind1": "\\",
        "ind2": "\\",
        "subfields": [
          {
            "a": "  2013015407"
          }
        ]
      }
    },
    {
      "040": {
        "ind1": "\\",
        "ind2": "\\",
        "subfields": [
          {
            "a": "DLC"
          },
          {
            "b": "eng"
          },
          {
            "e": "rda"
          },
          {
            "c": "DLC"
          },
          {
            "d": "IG#"
          },
          {
            "d": "BTCTA"
          },
          {
            "d": "UOK"
          },
          {
            "d": "YDXCP"
          },
          {
            "d": "ILC"
          },
          {
            "d": "VP@"
          },
          {
            "d": "GK8"
          },
          {
            "d": "WIH"
          },
          {
            "d": "CDX"
          },
          {
            "d": "OCLCF"
          },
          {
            "d": "GKX"
          },
          {
            "d": "CHY"
          },
          {
            "d": "TXING"
          },
          {
            "d": "OCLCQ"
          },
          {
            "d": "OCL"
          },
          {
            "d": "OCLCQ"
          },
          {
            "d": "OCLCA"
          },
          {
            "d": "HRF"
          },
          {
            "d": "OCLCO"
          },
          {
            "d": "OCL"
          },
          {
            "d": "OCLCQ"
          },
          {
            "d": "OCLCO"
          },
          {
            "d": "OCL"
          },
          {
            "d": "OCLCA"
          },
          {
            "d": "OCLCQ"
          },
          {
            "d": "OCLCO"
          }
        ]
      }
    },
    {
      "019": {
        "ind1": "\\",
        "ind2": "\\",
        "subfields": [
          {
            "a": "837179242"
          },
          {
            "a": "857671141"
          },
          {
            "a": "859155543"
          },
          {
            "a": "859234847"
          },
          {
            "a": "865061986"
          }
        ]
      }
    },
    {
      "020": {
        "ind1": "\\",
        "ind2": "\\",
        "subfields": [
          {
            "a": "9780399164088"
          },
          {
            "q": "(hardback)"
          }
        ]
      }
    },
    {
      "020": {
        "ind1": "\\",
        "ind2": "\\",
        "subfields": [
          {
            "a": "0399164081"
          },
          {
            "q": "(hardback)"
          }
        ]
      }
    },
    {
      "035": {
        "ind1": "\\",
        "ind2": "\\",
        "subfields": [
          {
            "a": "(OCoLC)837143669"
          },
          {
            "z": "(OCoLC)837179242"
          },
          {
            "z": "(OCoLC)857671141"
          },
          {
            "z": "(OCoLC)859155543"
          },
          {
            "z": "(OCoLC)859234847"
          },
          {
            "z": "(OCoLC)865061986"
          }
        ]
      }
    },
    {
      "042": {
        "ind1": "\\",
        "ind2": "\\",
        "subfields": [
          {
            "a": "pcc"
          }
        ]
      }
    },
    {
      "043": {
        "ind1": "\\",
        "ind2": "\\",
        "subfields": [
          {
            "a": "n-us---"
          }
        ]
      }
    },
    {
      "050": {
        "ind1": "0",
        "ind2": "0",
        "subfields": [
          {
            "a": "HV28.R546"
          },
          {
            "b": "A3 2013"
          }
        ]
      }
    },
    {
      "082": {
        "ind1": "0",
        "ind2": "0",
        "subfields": [
          {
            "a": "361.74092"
          },
          {
            "b": "ROC"
          }
        ]
      }
    },
    {
      "100": {
        "ind1": "1",
        "ind2": "\\",
        "subfields": [
          {
            "a": "Rockefeller, Eileen,"
          },
          {
            "d": "1952-"
          }
        ]
      }
    },
    {
      "245": {
        "ind1": "1",
        "ind2": "0",
        "subfields": [
          {
            "a": "Being a Rockefeller, becoming myself :"
          },
          {
            "b": "a memoir /"
          },
          {
            "c": "Eileen Rockefeller."
          }
        ]
      }
    },
    {
      "264": {
        "ind1": "\\",
        "ind2": "1",
        "subfields": [
          {
            "a": "New York :"
          },
          {
            "b": "Blue Rider Press, a member of Penguin Group (USA),"
          },
          {
            "c": "[2013]"
          }
        ]
      }
    },
    {
      "300": {
        "ind1": "\\",
        "ind2": "\\",
        "subfields": [
          {
            "a": "319 pages, 16 unnumbered pages of plates :"
          },
          {
            "b": "illustrations (some color) ;"
          },
          {
            "c": "24 cm"
          }
        ]
      }
    },
    {
      "336": {
        "ind1": "\\",
        "ind2": "\\",
        "subfields": [
          {
            "a": "text"
          },
          {
            "b": "txt"
          },
          {
            "2": "rdacontent"
          }
        ]
      }
    },
    {
      "337": {
        "ind1": "\\",
        "ind2": "\\",
        "subfields": [
          {
            "a": "unmediated"
          },
          {
            "b": "n"
          },
          {
            "2": "rdamedia"
          }
        ]
      }
    },
    {
      "338": {
        "ind1": "\\",
        "ind2": "\\",
        "subfields": [
          {
            "a": "volume"
          },
          {
            "b": "nc"
          },
          {
            "2": "rdacarrier"
          }
        ]
      }
    },
    {
      "520": {
        "ind1": "\\",
        "ind2": "\\",
        "subfields": [
          {
            "a": "\"A daughter of American royalty, Eileen Rockefeller is one of the first in her family to write a memoir of growing up with fame and fortune and finding her own voice within its storied history\"--"
          },
          {
            "c": "Provided by publisher."
          }
        ]
      }
    },
    {
      "520": {
        "ind1": "\\",
        "ind2": "\\",
        "subfields": [
          {
            "a": "\"Author's memoir about growing up in one of America's most prominent families\"--"
          },
          {
            "c": "Provided by publisher."
          }
        ]
      }
    },
    {
      "505": {
        "ind1": "0",
        "ind2": "\\",
        "subfields": [
          {
            "a": "Author's note: The presence of peonies -- The story I didn't want to tell -- Welcome home -- Setting the stage -- First loss -- Feeling different as a family -- The smallest count -- \"You shot the rabbits?\" -- Maid to order -- A safe harbor -- Staying afloat -- A place to relax -- Jagged edges -- Through a door in the woods -- It doesn't matter where you start -- Pulling together -- Music lessons -- Cultivating love -- You can lead them to the water ... -- Roadblocks -- Graduating -- Gifts given -- Learning resilience -- Georgia O'Keeffe speaks -- Male mentors -- Dreaming my husband -- The first years -- Gorilla on my shoulder -- Time for being -- Launching the mind/body field -- At the foot of the ladder -- In the fire -- Dancing among the stars -- Primal parenting -- A good Christmas -- Working with emotional intelligence -- I wouldn't admit it if I were you -- In the nest of my heart -- Putting the heart into practice -- Tearing down the fence -- Cleaning house -- Passing the torch -- Planting seeds -- Out of the canyon -- Courage -- One last look."
          }
        ]
      }
    },
    {
      "600": {
        "ind1": "1",
        "ind2": "0",
        "subfields": [
          {
            "a": "Rockefeller, Eileen,"
          },
          {
            "d": "1952-"
          }
        ]
      }
    },
    {
      "600": {
        "ind1": "1",
        "ind2": "0",
        "subfields": [
          {
            "a": "Rockefeller, David,"
          },
          {
            "d": "1915-2017"
          },
          {
            "x": "Family."
          }
        ]
      }
    },
    {
      "600": {
        "ind1": "1",
        "ind2": "0",
        "subfields": [
          {
            "a": "Rockefeller, John D."
          },
          {
            "q": "(John Davison),"
          },
          {
            "d": "1839-1937"
          },
          {
            "x": "Family."
          }
        ]
      }
    },
    {
      "600": {
        "ind1": "3",
        "ind2": "0",
        "subfields": [
          {
            "a": "Rockefeller family."
          }
        ]
      }
    },
    {
      "650": {
        "ind1": "\\",
        "ind2": "0",
        "subfields": [
          {
            "a": "Women philanthropists"
          },
          {
            "z": "United States"
          },
          {
            "v": "Biography."
          }
        ]
      }
    },
    {
      "650": {
        "ind1": "\\",
        "ind2": "0",
        "subfields": [
          {
            "a": "Philanthropists"
          },
          {
            "z": "United States"
          },
          {
            "v": "Biography."
          }
        ]
      }
    },
    {
      "650": {
        "ind1": "\\",
        "ind2": "0",
        "subfields": [
          {
            "a": "Rich people"
          },
          {
            "z": "United States"
          },
          {
            "v": "Biography."
          }
        ]
      }
    },
    {
      "600": {
        "ind1": "1",
        "ind2": "7",
        "subfields": [
          {
            "a": "Rockefeller, David,"
          },
          {
            "d": "1915-2017"
          },
          {
            "2": "fast"
          },
          {
            "0": "(OCoLC)fst00175352"
          }
        ]
      }
    },
    {
      "600": {
        "ind1": "1",
        "ind2": "7",
        "subfields": [
          {
            "a": "Rockefeller, Eileen,"
          },
          {
            "d": "1952-"
          },
          {
            "2": "fast"
          },
          {
            "0": "(OCoLC)fst01928600"
          }
        ]
      }
    },
    {
      "600": {
        "ind1": "3",
        "ind2": "7",
        "subfields": [
          {
            "a": "Rockefeller family."
          },
          {
            "2": "fast"
          },
          {
            "0": "(OCoLC)fst00214542"
          }
        ]
      }
    },
    {
      "600": {
        "ind1": "1",
        "ind2": "7",
        "subfields": [
          {
            "a": "Rockefeller, John D."
          },
          {
            "q": "(John Davison),"
          },
          {
            "d": "1839-1937."
          },
          {
            "2": "fast"
          },
          {
            "0": "(OCoLC)fst00041401"
          }
        ]
      }
    },
    {
      "650": {
        "ind1": "\\",
        "ind2": "7",
        "subfields": [
          {
            "a": "Families."
          },
          {
            "2": "fast"
          },
          {
            "0": "(OCoLC)fst01728849"
          }
        ]
      }
    },
    {
      "650": {
        "ind1": "\\",
        "ind2": "7",
        "subfields": [
          {
            "a": "Philanthropists."
          },
          {
            "2": "fast"
          },
          {
            "0": "(OCoLC)fst01060593"
          }
        ]
      }
    },
    {
      "650": {
        "ind1": "\\",
        "ind2": "7",
        "subfields": [
          {
            "a": "Rich people."
          },
          {
            "2": "fast"
          },
          {
            "0": "(OCoLC)fst01097537"
          }
        ]
      }
    },
    {
      "650": {
        "ind1": "\\",
        "ind2": "7",
        "subfields": [
          {
            "a": "Women philanthropists."
          },
          {
            "2": "fast"
          },
          {
            "0": "(OCoLC)fst01178284"
          }
        ]
      }
    },
    {
      "651": {
        "ind1": "\\",
        "ind2": "7",
        "subfields": [
          {
            "a": "United States."
          },
          {
            "2": "fast"
          },
          {
            "0": "(OCoLC)fst01204155"
          }
        ]
      }
    },
    {
      "655": {
        "ind1": "\\",
        "ind2": "7",
        "subfields": [
          {
            "a": "Autobiographies."
          },
          {
            "2": "fast"
          },
          {
            "0": "(OCoLC)fst01919894"
          }
        ]
      }
    },
    {
      "655": {
        "ind1": "\\",
        "ind2": "7",
        "subfields": [
          {
            "a": "Biographies."
          },
          {
            "2": "fast"
          },
          {
            "0": "(OCoLC)fst01919896"
          }
        ]
      }
    },
    {
      "655": {
        "ind1": "\\",
        "ind2": "7",
        "subfields": [
          {
            "a": "Autobiographies."
          },
          {
            "2": "lcgft"
          }
        ]
      }
    },
    {
      "994": {
        "ind1": "\\",
        "ind2": "\\",
        "subfields": [
          {
            "a": "Z0"
          },
          {
            "b": "NYRVC"
          }
        ]
      }
    },
    {
      "948": {
        "ind1": "\\",
        "ind2": "\\",
        "subfields": [
          {
            "h": "NO HOLDINGS IN NYRVC - 367 OTHER HOLDINGS"
          }
        ]
      }
    },
    {
      "999": {
        "ind1": "\\",
        "ind2": "\\",
        "subfields": [
          {
            "a": "00000000017186"
          }
        ]
      }
    }
  ]
}